@techreport{tdr,
      author        = "Butler, J and Contardo, D and Klute, M and Mans, J and
                       Silvestris, L",
      title         = "{Technical Proposal for the Phase-II Upgrade of the CMS
                       Detector}",
      institution   = "CERN",
      address       = "Geneva. Geneva",
      number        = "CERN-LHCC-2015-010. LHCC-P-008",
      month         = "Jun",
      year          = "2015",
      reportNumber  = "CERN-LHCC-2015-010",
      url           = "https://cds.cern.ch/record/2020886",
      note          = "Upgrade Project Leader Deputies: Lucia Silvestris
                       (INFN-Bari), Jeremy Mans (University of Minnesota)
                       Additional contacts: Lucia.Silvestris@cern.ch,
                       Jeremy.Mans@cern.ch",
}

@Article{cms,
     author    = "Chatrchyan, S. and others",
     collaboration = "CMS",
     title     = "The {CMS} experiment at the {CERN} {LHC}",
     journal   = "JINST",
     volume    = "3",
     year      = "2008",
     pages     = "S08004",
     doi       = "10.1088/1748-0221/3/08/S08004"
}

@ARTICLE{moore,
   author = {Gordon Moore},
    title = "{Cramming more components onto integrated circuits}",
  journal = {Proceedings of the IEEE},
  volume = {86},
  number = {1},
  pages = {82, 85},
  year = {1998},
}

@ARTICLE{amdahl,
   author = {Gene Amdahl},
    title = "{Validity of the single processor approach to achieving large-scale computing capabilities}",
  journal = {AFIPS Conference proceedings},
  volume = {30},
  pages = {483, 485},
  year = {1967},
}

@ARTICLE{worst-case-search,
   author = {{D. T. Lee, C. K. Wong}},
    title = "{Worst-case analysis for region and partial region searches in multidimensional binary search trees and balanced quad trees}",
  journal = {Acta informatica},
  volume = {9},
  number = {1},
  pages = {23, 29},
  year = {1977},
}

@book{intel_tbb,
 author = {Reinders, James},
 title = {Intel Threading Building Blocks},
 year = {2007},
 isbn = {9780596514808},
 edition = {First},
 publisher = {O'Reilly \& Associates, Inc.},
 address = {Sebastopol, CA, USA},
}

@misc{iso_stl,
 author = {{ISO/IEC. (2014). ISO International Standard ISO/IEC}},
 title = {14882:2014 â€“ Programming Language C++},
 year = {2014},
 url = {https://isocpp.org/std/the-standard},
}